<?xml version = "1.0" encoding = "UTF-8"?><record>
    <leader>01094nas#a22003371c#4500</leader>
    <controlfield tag="005">20210408121538.0</controlfield>
    <controlfield tag="007">tu</controlfield>
    <controlfield tag="008">991122m18611862xx#w|#n#######|####|ger#c</controlfield>
    <controlfield tag="003">DE-605</controlfield>
    <controlfield tag="001">990108740950206441</controlfield>
    <datafield tag="016" ind1="7" ind2=" ">
      <subfield code="a">019771649</subfield>
      <subfield code="2">DE-101b</subfield>
    </datafield>
    <datafield tag="016" ind1="7" ind2=" ">
      <subfield code="a">1484300-6</subfield>
      <subfield code="2">DE-600</subfield>
    </datafield>
    <datafield tag="035" ind1=" " ind2=" ">
      <subfield code="a">(DE-605)HT012721542</subfield>
    </datafield>
    <datafield tag="040" ind1=" " ind2=" ">
      <subfield code="a">9001</subfield>
      <subfield code="b">ger</subfield>
      <subfield code="c">DNB</subfield>
      <subfield code="d">9999</subfield>
      <subfield code="e">rakwb</subfield>
    </datafield>
    <datafield tag="041" ind1=" " ind2=" ">
      <subfield code="a">ger</subfield>
    </datafield>
    <datafield tag="044" ind1=" " ind2=" ">
      <subfield code="c">XA-DXDE</subfield>
      <subfield code="c">XA-DE</subfield>
    </datafield>
    <datafield tag="084" ind1=" " ind2=" ">
      <subfield code="a">070</subfield>
      <subfield code="a">630</subfield>
      <subfield code="a">640</subfield>
      <subfield code="q">DE-600</subfield>
      <subfield code="2">zdbs</subfield>
    </datafield>
    <datafield tag="084" ind1=" " ind2=" ">
      <subfield code="a">100</subfield>
      <subfield code="a">670</subfield>
      <subfield code="a">z101</subfield>
      <subfield code="q">DE-600</subfield>
      <subfield code="2">zdbs</subfield>
    </datafield>
    <datafield tag="090" ind1=" " ind2=" ">
      <subfield code="n">ft</subfield>
    </datafield>
    <datafield tag="245" ind1="0" ind2="0">
      <subfield code="a">Tauben- und H&#252;hnerzeitung</subfield>
      <subfield code="b">Organ der gesammten Haus-Federviehzucht, mit Inbegriff der Sangv&#246;gel</subfield>
    </datafield>
    <datafield tag="264" ind1=" " ind2="1">
      <subfield code="a">Berlin</subfield>
      <subfield code="b">Schotte</subfield>
      <subfield code="c">1861-1862</subfield>
    </datafield>
    <datafield tag="264" ind1=" " ind2="1">
      <subfield code="a">Berlin</subfield>
      <subfield code="b">Janke</subfield>
      <subfield code="c">anfangs</subfield>
      <subfield code="a">Berlin</subfield>
      <subfield code="b">Voss</subfield>
      <subfield code="c">fr&#252;her</subfield>
    </datafield>
    <datafield tag="362" ind1="0" ind2=" ">
      <subfield code="a">2.1857,28(11.Juli) - 7.1862 nachgewiesen</subfield>
    </datafield>
    <datafield tag="515" ind1=" " ind2=" ">
      <subfield code="a">Periodizit&#228;t:  w&#246;chentl.</subfield>
    </datafield>
    <datafield tag="751" ind1=" " ind2=" ">
      <subfield code="a">Berlin</subfield>
      <subfield code="0">4005728-8</subfield>
      <subfield code="4">dbp</subfield>
    </datafield>
    <datafield tag="780" ind1="0" ind2="0">
      <subfield code="i">Vorg. ---&gt;</subfield>
      <subfield code="t">Tauben-Zeitung</subfield>
      <subfield code="w">(DE-605)HT012734244</subfield>
    </datafield>
    <datafield tag="964" ind1="0" ind2="s">
      <subfield code="F">030</subfield>
      <subfield code="A">b|zucz|z|||37</subfield>
    </datafield>
    <datafield tag="964" ind1="0" ind2="s">
      <subfield code="F">050</subfield>
      <subfield code="A">a|a|||||||||||</subfield>
    </datafield>
    <datafield tag="964" ind1="0" ind2="s">
      <subfield code="F">052</subfield>
      <subfield code="A">zft||||zw||||||</subfield>
    </datafield>
    <datafield tag="035" ind1=" " ind2=" ">
      <subfield code="a">(DE-600)1484300-6</subfield>
    </datafield>
    <datafield tag="035" ind1=" " ind2=" ">
      <subfield code="a">(DE-599)ZDB1484300-6</subfield>
    </datafield>
    <datafield tag="MBD" ind1=" " ind2=" ">
      <subfield code="M">49HBZ_NETWORK</subfield>
      <subfield code="i">990108740950206441</subfield>
      <subfield code="n">HBZ Network</subfield>
    </datafield>
    <datafield tag="MNG" ind1=" " ind2=" ">
      <subfield code="c">System</subfield>
      <subfield code="f">ILS</subfield>
      <subfield code="i">marc21</subfield>
      <subfield code="k">01</subfield>
      <subfield code="e">false</subfield>
      <subfield code="d">2021-04-08 12:15:38 Europe/Berlin</subfield>
      <subfield code="g">010874095-HBZ01</subfield>
      <subfield code="j">90</subfield>
      <subfield code="a">import</subfield>
      <subfield code="b">2021-04-05 23:13:17 Europe/Berlin</subfield>
    </datafield>
  </record>